
@misc{word_disk_list_2018,
	type = {Article},
	title = {List of object-oriented programming languages - {Wikipedia} @ {WordDisk}},
	url = {https://worddisk.com/wiki/List_of_object-oriented_programming_languages/},
	abstract = {Wikipedia list article},
	urldate = {2022-02-16},
	journal = {WordDisk},
	author = {{Word Disk}},
	month = mar,
	year = {2018},
}
