	@ { cumuscij564438, journal = {Cumhuriyet Üniversitesi Fen Edebiyat Fakültesi Fen Bilimleri Dergisi}, issn = {1300-1949}, eissn = {1300-1949}, address = {}, publisher = {Sivas Cumhuriyet Üniversitesi}, year = {2015}, volume = {36}, pages = {1386 - 1394}, doi = {}, title = {Comparison between Agile and Traditional software development methodologies}, key = {cite}, author = {Javanmard, Mahdi and Alıan, Maryam} }